@misc{Guru99,
	author = {Guru99},
	title = {RESTful Web Services Tutorial with Example},
	year = {2020},
	url = {https://www.guru99.com/restful-web-services.html}
}

@misc{httpResponse,
	author = {MDN contributors},
	title = {HTTP response status codes},
	url = {https://developer.mozilla.org/en-US/docs/Web/HTTP/Status}
}

@misc{mvc,
	author = {Wikipedia contributors},
	title = {Model–view–controller},
	url = {https://en.wikipedia.org/wiki/Model\%E2\%80\%93view\%E2\%80\%93controller}
}

@misc{nosql,
	author = {MongoDB Inc.},
	title = {What is NoSQL?},
	url = {https://www.mongodb.com/nosql-explained}
}

@misc{container,
	author = {Docker Inc.},
	title = {What is a Container?},
	url = {https://www.docker.com/resources/what-container}
}

@misc{mvvm,
	author = {Wikipedia contributors},
	title = {Model–view–viewmodel},
	url = {https://en.wikipedia.org/wiki/Model\%E2\%80\%93view\%E2\%80\%93viewmodel}
}

@misc{vuex,
	author = {Vue.js},
	title = {What is Vuex?},
	url = {https://vuex.vuejs.org}
}

@misc{jwt,
	author = {Auth0},
	title = {Introduction to JSON Web Tokens},
	url = {https://jwt.io/introduction}
}

@misc{mongodb,
	author = {MongoDB, Inc.},
	title = {mongodb},
	url = {https://www.mongodb.com}
}

@misc{git,
	author = {Linus Torvalds},
	title = {Git},
	url = {https://git-scm.com}
}

@INPROCEEDINGS{5540041, 
  author =  {NBTC.},
	title =  {ประกาศ กสทช. เรื่อง หลักเกณฑ์การจัดสรรและบริการเลขหมายโทรคมนาคม},
	year = {2014},
	url = {https://www.nbtc.go.th/law/law\_noti/ประกาศ-(1)/ประกาศ-กสทช-เรื่อง-หลักเกณฑ์การจัดสรรและบริการเลขห.aspx}
}