@ARTICLE{4767851, 
    author={J. Canny}, 
    journal={IEEE Transactions on Pattern Analysis and Machine Intelligence}, 
    title={\textbf{A Computational Approach to Edge Detection}}, 
    year={1986}, 
    volume={8}, 
    number={6}, 
    pages={679--698}, 
    keywords={Image edge detection;Detectors;Machine vision;Shape measurement;Performance analysis;Uncertainty;Gaussian approximation;Signal to noise ratio;Signal synthesis;Feature extraction;Edge detection;feature extraction;image processing;machine vision;multiscale image analysis}, 
    doi={10.1109/TPAMI.1986.4767851}, 
}

@ARTICLE{7452668, 
    author={Y. Matsui and T. Shiratori and K. Aizawa}, 
    journal={IEEE Transactions on Visualization and Computer Graphics}, 
    title={\textbf{DrawFromDrawings: {2D} Drawing Assistance via Stroke Interpolation with a Sketch Database}}, 
    year={2017}, 
    volume={23}, 
    number={7}, 
    pages={1852--1862}, 
    keywords={computer graphics;DrawFromDrawings;2D drawing assistance;stroke interpolation;sketch database;interactive drawing system;sketch image database;regions of interest;ALAP stroke segments;as-long-as-possible stroke segments;stroke-level interpolation;deformation feedback;suggestive feedback;sketch composition;Interpolation;Shape;Feature extraction;Animation;Visual databases;Visualization;interactive drawing;2D shape interpolation}, 
    doi={10.1109/TVCG.2016.2554113}, 
    ISSN={1077-2626}, 
}

@article{ogawa2018,
    author    = {Toru Ogawa and
    Atsushi Otsubo and
    Rei Narita and
    Yusuke Matsui and
    Toshihiko Yamasaki and
    Kiyoharu Aizawa},
    title     = {\textbf{Object Detection for Comics using Manga109 Annotations}},
    journal   = {CoRR},
    volume    = {abs/1803.08670},
    year      = {2018},
    url       = {http://arxiv.org/abs/1803.08670},
    archivePrefix = {arXiv},
    eprint    = {1803.08670},
    timestamp = {Mon, 13 Aug 2018 16:49:17 +0200},
    biburl    = {https://dblp.org/rec/bib/journals/corr/abs-1803-08670},
    bibsource = {dblp computer science bibliography, https://dblp.org}
}

@INPROCEEDINGS{7415523, 
    author={Y. Aramaki and Y. Matsui and T. Yamasaki and K. Aizawa}, 
    booktitle={Proceedings of the Asia-Pacific Signal and Information Processing Association Annual Summit and Conference (APSIPA 2015)}, 
    title={\textbf{Interactive segmentation for manga using lossless thinning and coarse labeling}}, 
    day={16-19},
    month={Dec},
    year={2015}, 
    address={Hung Hom, Kowloon, Hong Kong},
    volume={}, 
    number={}, 
    pages={293--296}, 
    keywords={image segmentation;interactive systems;lossless thinning;coarse labeling;Japanese comics;automatic layout suggestion;character composition;time-consuming manga segmentation;scribble-based interactive segmentation method;manga images;Smart Scribbles;raster images;Quick Selection Tool;Adobe Photoshop;connected-component labeling method;Image segmentation;Labeling;Image color analysis;Real-time systems;Layout;Computational efficiency;Usability}, 
    doi={10.1109/APSIPA.2015.7415523}
}

@inproceedings{Pang2014,
    author = {Pang, Xufang and Cao, Ying and Lau, Rynson W.H. and Chan, Antoni B.},
    title = {\textbf{A Robust Panel Extraction Method for Manga}},
    booktitle = {Proceedings of the 22nd ACM International Conference on Multimedia (MM 2014)},
    year = {2014},
    isbn = {978-1-4503-3063-3},
    location = {Orlando, Florida, USA},
    pages = {1125--1128},
    numpages = {4},
    url = {http://doi.acm.org/10.1145/2647868.2654990},
    doi = {10.1145/2647868.2654990},
    acmid = {2654990},
    publisher = {ACM},
    address = {New York, NY, USA},
    keywords = {adaptive page partitioning, comics processing, computational manga, panel extraction},
}

@INPROCEEDINGS{8369633, 
    author={H. Yanagisawa and T. Yamashita and H. Watanabe}, 
    booktitle={Proceedings of the International Workshop on Advanced Image Technology (IWAIT 2018)}, 
    title={\textbf{A study on object detection method from manga images using {CNN}}}, 
    day={7},
    month={Jan},
    year={2018}, 
    address={Chiang Mai, Thailand.},
    pages={1--4}, 
    keywords={feature extraction;feedforward neural nets;image classification;meta data;neural nets;object detection;manga images;manga content;Fast R-CNN;Faster R-CNN;CNN layers;object classification;box adjustment;natural images;image features;manga object detection;region proposal network;Japanese comics;convolutional neural network;RPN;single shot multibox detector;SSD;Object detection;Proposals;Face;Detectors;Training;Feature extraction;Layout;Object Detection;Manga;CNN;Fast R-CNN;Faster R-CNN;SSD}, 
    doi={10.1109/IWAIT.2018.8369633}, 
}

@INPROCEEDINGS{7532890, 
    author={Y. Aramaki and Y. Matsui and T. Yamasaki and K. Aizawa}, 
    booktitle={Proceedings of the IEEE International Conference on Image Processing (ICIP 2016)}, 
    title={\textbf{Text detection in manga by combining connected-component-based and region-based classifications}}, 
    day={25-28},
    month={Sept},
    year={2016}, 
    address={Phoenix, AZ, USA},
    pages={2901--2905}, 
    keywords={feature extraction;image classification;text detection;Manga;region-based classifications;connected-component-based classifications;text query;text extraction;scene text detection;text region dataset;Feature extraction;Proposals;Training;Optical character recognition software;Support vector machines;Text recognition;Machine learning;Manga;text regions;detection;connected components;deep features}, 
    doi={10.1109/ICIP.2016.7532890}, 
    ISSN={2381-8549},
}

@Article{Liu2016,
    author="Liu, Xueting
    and Li, Chengze
    and Zhu, Haichao
    and Wong, Tien-Tsin
    and Xu, Xuemiao",
    title="\textbf{Text-aware balloon extraction from manga}",
    journal="The Visual Computer",
    year="2016",
    month="Apr",
    volume="32",
    number="4",
    pages="501--511",
    abstract="Manga, a Japanese word for comics, is a worldwide popular visual entertainment. Nowadays, electronic devices boost the fast development of motion manga for the purpose of visual richness and manga promotion. To convert static manga images into motion mangas, text balloons are usually animated individually for better story telling. This needs the artists to cut out each text balloon meticulously, and therefore it is quite labor-intensive and time-consuming. In this paper, we propose an automatic approach that can extract text balloons from manga images both accurately and effectively. Our approach starts by extracting white areas that contain texts as text blobs. Different from existing text blob extraction methods that only rely on shape properties, we incorporate text properties in order to differentiate text blobs from texture blobs. Instead of heuristic parameter thresholding, we achieve text blob classification via learning-based classifiers. Along with the novel text blob classification method, we also make the first attempt in trying to tackle the boundary issue in balloon extraction. We apply our method on various styles of mangas and comics with texts in different languages, and convincing results are obtained in all cases.",
    issn="1432-2315",
    doi="10.1007/s00371-015-1084-0",
    url="https://doi.org/10.1007/s00371-015-1084-0"
}

@INPROCEEDINGS{7351614, 
    author={S. Kovanen and K. Aizawa}, 
    booktitle={Proceedings of the IEEE International Conference on Image Processing (ICIP 2015)}, 
    title={\textbf{A layered method for determining manga text bubble reading order}}, 
    day={27-30},
    month={Sept},
    address={Quebec City, QC, Canada},
    year={2015}, 
    pages={4283--4287}, 
    keywords={document image processing;image segmentation;text detection;layered method;Japanese manga text bubble reading order;comic books;text extraction;panel segmentation;document analysis;Image segmentation;Image edge detection;Transforms;Probabilistic logic;Extrapolation;Shape;Data mining;Manga;comic;text;ordering;segmentation}, 
    doi={10.1109/ICIP.2015.7351614}, 
}

@INPROCEEDINGS{7333782, 
    author={C. Rigaud and N. Le Thanh and J. -. Burie and J. -. Ogier and M. Iwata and E. Imazu and K. Kise}, 
    booktitle={Proceedings of the 13th International Conference on Document Analysis and Recognition (ICDAR 2015)}, 
    title={\textbf{Speech balloon and speaker association for comics and manga understanding}}, 
    day={23-26},
    month={Aug},
    year={2015}, 
    address={Tunis, Tunisia},
    pages={351--355}, 
    keywords={graph theory;text detection;speech balloon;speaker association;manga understanding;text understanding;graphic links retrieval;comic character association method;geometric graph analysis;anchor point selection;comic book styles;eBDtheque dataset;Kingdom manga series;Image edge detection;Histograms}, 
    doi={10.1109/ICDAR.2015.7333782}, 
    ISSN={}
}

@INPROCEEDINGS{8314922, 
    author={S. Bougharriou and F. Hamdaoui and A. Mtibaa}, 
    booktitle={Proceedings of the 18th International Conference on Sciences and Techniques of Automatic Control and Computer Engineering (STA 2017)}, 
    title={\textbf{Linear {SVM} classifier based {HOG} car detection}}, 
    day={21-23},
    month={Dec},
    year={2017}, 
    address={Monastir, Tunisia},
    pages={241--245}, 
    keywords={automobiles;driver information systems;feature extraction;image classification;object detection;road accidents;road safety;support vector machines;robust vehicle detection;precise vehicle detection;urban environment;linear support vector machine;linear SVM classifier;HOG car detection;Advanced Driver Assistance Systems;driving environments;accident reduction;safety;ADAS;vision-based driver assistance systems;histogram of oriented gradients features descriptor;Support vector machines;Automobiles;Vehicle detection;Histograms;Feature extraction;Classification algorithms;Advanced Driver Assistance Systems;vehicle detection;histogram of oriented gradients features descriptor;support vector machine}, 
    doi={10.1109/STA.2017.8314922}, 
    ISSN={2573-539X}
}

@INPROCEEDINGS{6628751, 
    author={S. Tian and S. Lu and B. Su and C. L. Tan}, 
    booktitle={2013 12th International Conference on Document Analysis and Recognition}, 
    title={\textbf{Scene Text Recognition Using Co-occurrence of Histogram of Oriented Gradients}}, 
    year={2013}, 
    address={Washington, DC, USA},
    volume={}, 
    number={}, 
    pages={912-916}, 
    keywords={gradient methods;optical character recognition;text detection;scene text recognition;optical character recognition systems;OCR systems;co-occurrence histogram of oriented gradients;spatial distribution;neighboring orientation pairs;single gradient orientation;ICDAR2003 character dataset;street view text dataset;Co-HOG based technique;Text recognition;Feature extraction;Character recognition;Histograms;Accuracy;Optical character recognition software;Lighting}, 
    doi={10.1109/ICDAR.2013.186}, 
    ISSN={1520-5363}, 
    month={Aug},}

@INPROCEEDINGS{8280697, 
    author={A. K. Sah and S. Bhowmik and S. Malakar and R. Sarkar and E. Kavallieratou and N. Vasilopoulos}, 
    booktitle={2017 IEEE Calcutta Conference (CALCON)}, 
    title={\textbf{Text and non-text recognition using modified HOG descriptor}}, 
    year={2017}, 
    volume={}, 
    number={}, 
    pages={64-68}, 
    keywords={document image processing;feature extraction;image classification;multilayer perceptrons;object detection;text detection;text regions;feature descriptor;manually extracted regions;state-of-the-art feature descriptors;HOG descriptor;editable version;OCR engine;nontext regions;document image;multilayer perceptron;recognition accuracy;media team document dataset;text recognition;RDCL2015 dataset;Text recognition;Feature extraction;Histograms;Image segmentation;Databases;Optical character recognition software;Training;Text/Non-text separation;Histogram of Oriented Gradient;RDCL2015 dataset;Media Team Document dataset}, 
    doi={10.1109/CALCON.2017.8280697}, 
    ISSN={}, 
    month={Dec},}

@INPROCEEDINGS{6628859, 
    author={D. Karatzas and F. Shafait and S. Uchida and M. Iwamura and L. G. i. Bigorda and S. R. Mestre and J. Mas and D. F. Mota and J. A. Almazàn and L. P. de las Heras}, 
    booktitle={2013 12th International Conference on Document Analysis and Recognition}, 
    title={\textbf{ICDAR 2013 Robust Reading Competition}}, 
    year={2013}, 
    address={Kolkata, India},
    volume={}, 
    number={}, 
    pages={1484-1493}, 
    keywords={feature extraction;image processing;text analysis;ICDAR 2013 robust reading competition;text extraction;born digital images;real scene images;real-scene videos;text localisation;text segmentation;word recognition;Videos;Image segmentation;Text recognition;Performance evaluation;Protocols;Robustness;robust reading;scene text;text extraction;text localization;text segmentation;text recognition;video}, 
    doi={10.1109/ICDAR.2013.221}, 
    ISSN={1520-5363}, 
    month={Aug},}

@INPROCEEDINGS{6628665, 
    author={L. G\'omez and D. Karatzas}, 
    booktitle={Proceedings of the 12th International Conference on Document Analysis and Recognition (ICDAR 2013)}, 
    title={\textbf{Multi-script Text Extraction from Natural Scenes}}, 
    day={25-28},
    month={Aug},
    year={2013}, 
    address={Washington, DC, USA},
    volume={}, 
    number={}, 
    pages={467--471}, 
    keywords={character recognition;feature extraction;multiscript text extraction;scene text extraction methodologies;text perception;text extraction problem;proximity law;similarity law;perceptual organisation framework;text-group hypothesis;Feature extraction;Text recognition;Organizations;Image edge detection;Computer vision;Collaboration;Semantics;Scene text;Perceptual grouping;Segmentation;Localisation}, 
    doi={10.1109/ICDAR.2013.100}, 
    ISSN={1520-5363}, 
}

@INPROCEEDINGS{6761596, 
    author={H. Tolle and K. Arai}, 
    booktitle={Proceedings of the International Conference on Advanced Computer Science and Information Systems (ICACSIS 2013)}, 
    title={\textbf{Manga content extraction method for automatic mobile comic content creation}}, 
    day={28-29},
    month={Sept},
    year={2013}, 
    address={Bali, Indonesia},
    volume={}, 
    number={}, 
    pages={321--328}, 
    keywords={character recognition;content management;entertainment;feature extraction;mobile computing;text detection;Manga content extraction method;automatic mobile comic content creation;digital Manga comic;mobile devices;printed digital comic;comic balloon extraction;Japanese character extraction;ComicXML;comic frame content information;nonflat comic page frame extraction;comic balloon detection;Japanese character text extraction;Mobile communication;Feature extraction;XML;Mobile handsets;Image color analysis;Data mining;Internet}, 
    doi={10.1109/ICACSIS.2013.6761596}, 
    ISSN={},
}

@INPROCEEDINGS{7490104, 
    author={C. Rigaud and T. Le and J. -. Burie and J. Ogier and S. Ishimaru and M. Iwata and K. Kise}, 
    booktitle={2016 12th IAPR Workshop on Document Analysis Systems (DAS)}, 
    title={\textbf{Semi-automatic Text and Graphics Extraction of Manga Using Eye Tracking Information}}, 
    day={11-14},
    year={2016},
    address={Santorini, Greece}, 
    volume={}, 
    number={}, 
    pages={120-125}, 
    keywords={behavioural sciences computing;computer graphics;gaze tracking;image processing;semiautomatic text extraction;semiautomatic graphics extraction;eye tracking information;electronic comic book storage;electronic comic book distribution;electronic comic book reading;layout structure;graphic content;expression styles;page arrangement;Japanese comics;comic image analysis approach;manga reading sessions;structured drawing content;reading behaviors;eye movements;eye gaze data;manga textual analysis;manga graphical analysis;fixation detection process;saccade detection process;Speech;Layout;Heating;Image analysis;Text analysis}, 
    doi={10.1109/DAS.2016.72}, 
    ISSN={}, 
    month={April},}

@inproceedings{rigaud:hal-00841492,
    TITLE = {\textbf{Automatic text localisation in scanned comic books}},
    AUTHOR = {Rigaud, Christophe and Karatzas, Dimosthenis and Van De Weijer, Joost and Burie, Jean-Christophe and Ogier, Jean-Marc},
    URL = {https://hal.archives-ouvertes.fr/hal-00841492},
    BOOKTITLE = {Proceedings of the 9th International Conference on Computer Vision Theory and Applications},
    ADDRESS = {Barcelona, Spain},
    day={21-24},
    month={Feb},
    YEAR = {2013},
    KEYWORDS = {Text localization ; comics ; text/graphic separation ; complex background ; unstructured document},
    PDF = {https://hal.archives-ouvertes.fr/hal-00841492/file/2013_Rigaud_Automatic_text_localisation_in_scanned_comic_books.pdf},
}

@INPROCEEDINGS{5206848, 
    author={J. Deng and W. Dong and R. Socher and L. Li and Kai Li and Li Fei-Fei}, 
    booktitle={Proceedings of the IEEE Conference on Computer Vision and Pattern Recognition (CVPR 2009)}, 
    title={\textbf{{ImageNet}: A large-scale hierarchical image database}}, 
    day={20-25},
    month={Jun},
    year={2009}, 
    address={Miami, FL, USA},
    volume={}, 
    number={}, 
    pages={248--255}, 
    keywords={computer vision;image resolution;image retrieval;Internet;multimedia computing;ontologies (artificial intelligence);trees (mathematics);very large databases;visual databases;ImageNet database;large-scale hierarchical image database;Internet;image retrieval;multimedia data;large-scale ontology;wordNet structure;image resolution;subtree;computer vision;Large-scale systems;Image databases;Explosions;Internet;Robustness;Information retrieval;Image retrieval;Multimedia databases;Ontologies;Spine}, 
    doi={10.1109/CVPR.2009.5206848}, 
    ISSN={1063-6919}, 
}

@INPROCEEDINGS{5540041, 
    author={B. Epshtein and E. Ofek and Y. Wexler}, 
    booktitle={Proceedings of the IEEE International Conference on Computer Vision and Pattern Recognition (CVPR 2010)}, 
    title={\textbf{Detecting text in natural scenes with stroke width transform}}, 
    day={13-18},
    month={Jun},
    year={2010}, 
    address={San Francisco, CA, USA},
    volume={}, 
    number={}, 
    pages={2963--2970}, 
    keywords={image processing;text analysis;natural scenes;stroke width transform;image operator;text detection;image pixel;natural images;Layout;Optical character recognition software;Pixel;Computer vision;Filter bank;Engines;Image segmentation;Colored noise;Geometry;Robustness}, 
    doi={10.1109/CVPR.2010.5540041}, 
    ISSN={1063-6919}, 
}

@inproceedings{Freeman,
    author = {Freeman, William T. and Freeman, William T. and Roth, Michal and Roth, Michal},
    booktitle = {Proceedings of the International Workshop on Automatic Face and Gesture Recognition},
    citeulike-article-id = {3423911},
    citeulike-linkout-0 = {http://citeseerx.ist.psu.edu/viewdoc/summary?doi=10.1.1.6.618},
    keywords = {gesture\_reco, local\_descriptors},
    pages = {296--301},
    posted-at = {2009-10-20 12:29:03},
    priority = {2},
    title = {\textbf{{Orientation Histograms for Hand Gesture Recognition}}},
    url = {http://citeseerx.ist.psu.edu/viewdoc/summary?doi=10.1.1.6.618},
    year = {1994}
}


@INPROCEEDINGS{1467360, 
    author={N. Dalal and B. Triggs}, 
    booktitle={Proceedings of the IEEE Conference on Computer Vision and Pattern Recognition (CVPR 2005)}, 
    title={\textbf{Histograms of oriented gradients for human detection}}, 
    day={20-25},
    month={Jun},
    year={2005}, 
    address={San Diego, CA, USA},
    pages={886--893}, 
    keywords={object detection;support vector machines;object recognition;feature extraction;gradient methods;histograms of oriented gradients;human detection;robust visual object recognition;linear SVM;edge based descriptors;gradient based descriptors;fine-scale gradients;fine orientation binning;coarse spatial binning;contrast normalization;overlapping descriptor;pedestrian database;Histograms;Humans;Robustness;Object recognition;Support vector machines;Object detection;Testing;Image edge detection;High performance computing;Image databases}, 
    doi={10.1109/CVPR.2005.177}, 
    ISSN={1063-6919}, 
}

@article{DBLP:journals/corr/WangWZLZ15,
    author    = {Da{-}Han Wang and
    Hanzi Wang and
    Dong Zhang and
    Jonathan Li and
    David Zhang},
    title     = {\textbf{Robust Scene Text Recognition Using Sparse Coding based Features}},
    journal   = {CoRR},
    volume    = {abs/1512.08669},
    year      = {2015},
    url       = {http://arxiv.org/abs/1512.08669},
    archivePrefix = {arXiv},
    eprint    = {1512.08669},
    timestamp = {Mon, 13 Aug 2018 16:48:14 +0200},
    biburl    = {https://dblp.org/rec/bib/journals/corr/WangWZLZ15},
    bibsource = {dblp computer science bibliography, https://dblp.org}
}

@Article{Suykens1999,
    author="Suykens, J.A.K.
    and Vandewalle, J.",
    title="\textbf{Least Squares Support Vector Machine Classifiers}",
    journal="Neural Processing Letters",
    year="1999",
    month="Jun",
    day="01",
    volume="9",
    number="3",
    pages="293--300",
    abstract="In this letter we discuss a least squares version for support vector machine (SVM) classifiers. Due to equality type constraints in the formulation, the solution follows from solving a set of linear equations, instead of quadratic programming for classical SVM's. The approach is illustrated on a two-spiral benchmark classification problem.",
    issn="1573-773X",
    doi="10.1023/A:1018628609742",
    url="https://doi.org/10.1023/A:1018628609742"
}

@Article{Matsui2017,
    author="Matsui, Yusuke
    and Ito, Kota
    and Aramaki, Yuji
    and Fujimoto, Azuma
    and Ogawa, Toru
    and Yamasaki, Toshihiko
    and Aizawa, Kiyoharu",
    title="\textbf{Sketch-based manga retrieval using manga109 dataset}",
    journal="Multimedia Tools and Applications",
    year="2017",
    month="Oct",
    day="01",
    volume="76",
    number="20",
    pages="21811--21838",
    abstract="Manga (Japanese comics) are popular worldwide. However, current e-manga archives offer very limited search support, i.e., keyword-based search by title or author. To make the manga search experience more intuitive, efficient, and enjoyable, we propose a manga-specific image retrieval system. The proposed system consists of efficient margin labeling, edge orientation histogram feature description with screen tone removal, and approximate nearest-neighbor search using product quantization. For querying, the system provides a sketch-based interface. Based on the interface, two interactive reranking schemes are presented: relevance feedback and query retouch. For evaluation, we built a novel dataset of manga images, Manga109, which consists of 109 comic books of 21,142 pages drawn by professional manga artists. To the best of our knowledge, Manga109 is currently the biggest dataset of manga images available for research. Experimental results showed that the proposed framework is efficient and scalable (70 ms from 21,142 pages using a single computer with 204 MB RAM).",
    issn="1573-7721",
    doi="10.1007/s11042-016-4020-z",
    url="https://doi.org/10.1007/s11042-016-4020-z"
}

@inproceedings{Krizhevsky,
    author = {Krizhevsky, Alex and Sutskever, Ilya and Hinton, Geoffrey E.},
    title = {\textbf{ImageNet Classification with Deep Convolutional Neural Networks}},
    booktitle = {Proceedings of the 25th International Conference on Neural Information Processing Systems (NIPS 2012)},
    volume = {1},
    day={3-6},
    month={Dec},
    year = {2012},
    location = {Lake Tahoe, Nevada},
    pages = {1097--1105},
    numpages = {9},
    url = {http://dl.acm.org/citation.cfm?id=2999134.2999257},
    acmid = {2999257},
    publisher = {Curran Associates Inc.},
    address = {Lake Tahoe, Nevada, USA},
} 


@misc{danbooru2017,
    author = {Anonymous, the Danbooru community, Gwern Branwen, Aaron Gokaslan},
    title = {\textbf{Danbooru2017: A Large-Scale Crowdsourced and Tagged Anime Illustration Dataset}},
    howpublished = {\url{https://www.gwern.net/Danbooru2017}},
    url = {https://www.gwern.net/Danbooru2017},
    type = {dataset},
    year = {2018},
    month = {January},
    timestamp = {2018-02-13},
    note = {Accessed: DATE} }

@inproceedings{Saito:2015:ISV:2820903.2820907,
    author = {Saito, Masaki and Matsui, Yusuke},
    title = {\textbf{{Illustration2Vec}: A Semantic Vector Representation of Illustrations}},
    booktitle = {SIGGRAPH Asia 2015 Technical Briefs},
    day={2-5},
    month={Nov},
    year = {2015},
    isbn = {978-1-4503-3930-8},
    location = {Kobe, Japan},
    pages = {5:1--5:4},
    articleno = {5},
    numpages = {4},
    url = {http://doi.acm.org/10.1145/2820903.2820907},
    doi = {10.1145/2820903.2820907},
    acmid = {2820907},
    publisher = {ACM},
    address = {Kobe, Japan}},
    keywords = {CNNs, illustration, search, visual similarity},
}
